
@book{hernandez_impacto_2020,
	title = {El impacto del entorno familiar en los hábitos lectores},
	publisher = {Editorial Cultura y Sociedad},
	author = {Hernandez, J},
	year = {2020},
}

@book{garcia_lectura_nodate,
	series = {Revista de {Psicología} y {Cultura}},
	title = {Lectura y educación: {Más} allá de la escuela},
	volume = {2},
	number = {15},
	author = {Garcia, M},
}

@misc{noauthor_modulo_2020,
	title = {Módulo sobre {Lectura} ({MOLEC})},
	url = {https://www.inegi.org.mx/programas/molec/#microdatos},
	urldate = {2025-09-25},
	journal = {INEGI},
	year = {2020},
}

@techreport{noauthor_informe_2021,
	title = {Informe de seguimiento de la educación en el mundo 2021/2: los actores no estatales en la educación: ¿quién elige? ¿quién pierde?},
	number = {ED-2021/WS/38},
	institution = {Global Education Monitoring Report Team},
	year = {2021},
	pages = {31},
}
